@article{Davalos2005,
author = {Davalos, R. V. and Mir, L. M. and Rubinsky, B.},
doi = {10.1007/s10439-005-8981-8},
issn = {0090-6964},
journal = {Annals of Biomedical Engineering},
keywords = {bioheat,cancer therapy,electropermeabilization,ire},
month = feb,
number = {2},
pages = {223--231},
title = {{Tissue Ablation with Irreversible Electroporation}},
url = {http://link.springer.com/10.1007/s10439-005-8981-8},
volume = {33},
year = {2005}
}


@article{Miklavcic2000,
author = {Miklav\v{c}i\v{c}, Damijan and \v{S}emrov, Dejan and Mekid, Halima
and Mir, Lluis M.},
doi = {10.1016/S0304-4165(00)00101-X},
isbn = {0006-3002 (Print)$\backslash$r0006-3002 (Linking)},
issn = {03044165},
journal = {Biochimica et Biophysica Acta - General Subjects},
pages = {73--83},
pmid = {11099860},
title = {{A validated model of in vivo electric field distribution in
tissues for electrochemotherapy and for DNA electrotransfer for gene
therapy}},
volume = {1523},
year = {2000}
}




@article{minden2010preliminary,
          title={Preliminary implementation of PETSc using GPUs},
          author={Minden, V. and Smith, B.F. and Knepley, M.G.},
          journal={Proceedings of the 2010 International Workshop of GPU
Solutions to Multiscale Problems in Science and Engineering},
          year={2010}
}
      
@book{jaynes2003probability,
  title={Probability theory: the logic of science},
  author={Jaynes, E.T. and Bretthorst, G.L.},
  year={2003},
  publisher={Cambridge Univ Pr}
}

@book{kaipio2005statistical,
  title={Statistical and computational inverse problems},
  author={Kaipio, J. and Somersalo, E.},
  volume={160},
  year={2005},
  publisher={Springer Verlag}
}

@article{prudencio2012UQ,
  title={Parallel adaptive multilevel sampling algorithms for the Bayesian analysis of mathematical models.},
  author={Prudencio, E. and Cheung, S.H.},
  journal={International Journal for Uncertainty Quantification},
  volume={2},
  number={3},
  pages={215--237},
  year={2012},
}
@article{prudencio2007robust,
  title={Parallel Multilevel Restricted Schwarz Preconditioners with Pollution Removing for PDE-Constrained Optimization},
  author={Prudencio, E. and Cai, X.C.},
  journal={SIAM J. Sci.  Comp.},
  pages={964--985},
  year={2007},
  volume={29},
}

@book{le2010spectral,
  title={Spectral Methods for Uncertainty Quantification: With
Applications to Computational Fluid Dynamics},
  author={Le Ma{\^\i}tre, O.P. and Knio, O.M.},
  year={2010},
  publisher={Springer Verlag}
}
@article{fuentesetal12a,
  author = "D.~Fuentes and J.~Yung and J.~D.~Hazle and J.~S.~Weinberg and R.~J.~Stafford",
  title = {{Kalman Filtered MR Temperature Imaging for Laser Induced Thermal Therapies}},
  journal = {{Trans. Medical Imaging}}, 
  note = {Special Issue on Interventional Imaging},
  volume={31},
  number={4},
  year={2012},
  pages={984--994},
}
@article{huttunen2006determination,
  title={Determination of heterogeneous thermal parameters using ultrasound induced heating and MR thermal mapping},
  author={Huttunen, J.M.J. and Huttunen, T. and Malinen, M. and Kaipio, J.P.},
  journal={Physics in medicine and biology},
  volume={51},
  pages={1011},
  year={2006},
  publisher={IOP Publishing}
}
@article{roemer1985obtaining,
  title={Obtaining local SAR and blood perfusion data from temperature measurements: steady state and transient techniques compared},
  author={Roemer, RB and Fletcher, AM and Cetas, TC},
  journal={International Journal of Radiation Oncology Biology Physics},
  volume={11},
  number={8},
  pages={1539--1550},
  year={1985},
  publisher={Elsevier}
}
@article{stafford2010laser,
  title={Laser-induced thermal therapy for tumor ablation.},
  author={Stafford, R.J. and Fuentes, D. and Elliott, A.E. and Weinberg, J.S. and Ahrar, K.},
  journal={Critical reviews in biomedical engineering},
  volume={38},
  number={1},
  pages={79},
  year={2010}
}
@article{ward2009cancer,
  title={Cancer ablation with regional templates applied to prostatectomy specimens from men who were eligible for focal therapy},
  author={Ward, J.F. and Nakanishi, H. and Pisters, L. and Babaian, R.J. and Troncoso, P.},
  journal={BJU international},
  volume={104},
  number={4},
  pages={490--497},
  year={2009},
  publisher={Wiley Online Library}
}
@article{gonzalgo2008minimally,
  title={Minimally invasive surgical approaches and management of prostate cancer},
  author={Gonzalgo, M.L. and Patil, N. and Su, L.M. and Patel, V.R.},
  journal={Urologic Clinics of North America},
  volume={35},
  number={3},
  pages={489--504},
  year={2008},
  publisher={Elsevier}
}
@article{cookson2007variation,
  title={Variation in the definition of biochemical recurrence in patients treated for localized prostate cancer: the American Urological Association Prostate Guidelines for Localized Prostate Cancer Update Panel report and recommendations for a standard in the reporting of surgical outcomes},
  author={Cookson, M.S. and Aus, G. and Burnett, A.L. and Canby-Hagino, E.D. and Dâ€™Amico, A.V. and Dmochowski, R.R. and Eton, D.T. and Forman, J.D. and Goldenberg, S.L. and Hernandez, J. and others},
  journal={The Journal of urology},
  volume={177},
  number={2},
  pages={540--545},
  year={2007},
  publisher={Elsevier}
}
@article{babaian2008best,
  title={Best practice statement on cryosurgery for the treatment of localized prostate cancer},
  author={Babaian, R.J. and Donnelly, B. and Bahn, D. and Baust, J.G. and Dineen, M. and Ellis, D. and Katz, A. and Pisters, L. and Rukstalis, D. and Shinohara, K. and others},
  journal={The Journal of urology},
  volume={180},
  number={5},
  pages={1993--2004},
  year={2008},
  publisher={Elsevier Science}
}
@article{fuentesetal11a,
  author = "D.~Fuentes and C.~Walker and
A.~Elliott and A.~Shetty and J.~Hazle and R.~J.~Stafford",
  title = {{MR temperature imaging validation of a bioheat transfer
model for LITT}},
  journal = {{International Journal of Hyperthermia}},
  volume = {27},
  number = {5},
  pages = {453-464},
  note = {Cover Page},
  year = {2011} 
}

@article{carp2004radiative,
  title={{Radiative transport in the delta-[bold P] approximation:
accuracy of fluence rate and optical penetration depth predictions in
turbid semi-infinite media}},
  author={Carp, S.A. and Prahl, S.A. and Venugopalan, V.},
  journal={Journal of Biomedical Optics},
  volume={9},
  pages={632},
  year={2004}
}

@article{salloum2009enhancement,
  title={{Enhancement in treatment planning for magnetic nanoparticle
hyperthermia: Optimization of the heat absorption pattern}},
  author={Salloum, M. and Ma, R. and Zhu, L.},
  year={2009},
  publisher={Informa UK Ltd UK}
}

@article{baumgarten2008magnetic,
  title={{Magnetic nanoparticle imaging by means of minimum norm estimates
from remanence measurements}},
  author={Baumgarten, D. and Liehr, M. and Wiekhorst, F. and Steinhoff, U.
and Munster, P. and Miethe, P. and Trahms, L. and Haueisen, J.},
  journal={Medical and Biological Engineering and Computing},
  volume={46},
  number={12},
  pages={1177--1185},
  issn={0140-0118},
  year={2008},
  publisher={Springer}
}

@article{todling1994suboptimal,
 title={{Suboptimal schemes for atmospheric data assimilation based
on the Kalman filter}},
 author={Todling, R. and Cohn, S.E.},
 journal={Monthly Weather Review},
 volume={122},
 number={11},
 pages={2530--2557},
 issn={0027-0644},
 year={1994},
 publisher={Citeseer}
}

@article{cohn1991behavior,
  title={{The behavior of forecast error covariances for a Kalman
filter in two dimensions}},
  author={Cohn, S.E. and Parrish, D.F.},
  journal={Monthly Weather Review},
  volume={119},
  number={8},
  pages={1757--1785},
  issn={1520-0493},
  year={1991}
}

@article{cohn1993dynamics,
  title={{Dynamics of short-term univariate forecast error
covariances}},
  author={Cohn, S.E.},
  journal={Monthly Weather Review},
  volume={121},
  number={11},
  pages={3123--3149},
  issn={0027-0644},
  year={1993}
}


@article{rabier1992four,
  title={{Four-dimensional data assimilation: comparison of
variational and sequential algorithms}},
  author={Rabier, F. and Courtier, P. and Ehrendorfer, M.},
  journal={Quarterly Journal of the Royal Meteorological Society},
  volume={118},
  number={506},
  pages={673--713},
  issn={1477-870X},
  year={1992},
  publisher={John Wiley \& Sons}
}


@article{bouttier1993dynamics,
  title={{The dynamics of error covariances in a barotropic
model}},
  author={Bouttier, F.},
  journal={Tellus A},
  volume={45},
  number={5},
  pages={408--423},
  issn={1600-0870},
  year={1993},
  publisher={John Wiley \& Sons}
}


@article{evensen1994sequential,
  title={{Sequential data assimilation with a nonlinear
quasi-geostrophic model using Monte Carlo methods to forecast error
statistics}},
  author={Evensen, G.},
  journal={Journal of geophysical research},
  volume={99},
  number={C5},
  pages={10143},
  issn={0148-0227},
  year={1994},
  publisher={American Geophysical Union}
}


@article{gauthier1993assimilation,
  title={{Assimilation of simulated wind lidar data with a Kalman
filter}},
  author={Gauthier, P. and Courtier, P. and Moll, P.},
  journal={Monthly Weather Review},
  volume={121},
  number={6},
  pages={1803--1820},
  issn={0027-0644},
  year={1993}
}

@book{demmel1997applied,
  title={{Applied numerical linear algebra}},
  author={Demmel, J.W. and Books24x7, Inc},
  year={1997},
  publisher={Society for Industrial and Applied Mathematics Philadelphia}
}

@Comment{jpy testing }
@article{chen2009optimizing,
  title={{Optimizing Electrode Placement Using Finite-Element Models in Radiofrequency Ablation Treatment Planning}},
  author={Chen, CR and Miga, M.I. and Galloway Jr, R.L.},
  journal={IEEE Trans. Biomed. Eng},
  volume={56},
  pages={237--245},
  year={2009}
}

@article{arora2005minimum, 
  title={{Minimum-time thermal dose control of thermal therapies}}, 
  author={Arora, D. and Skliar, M. and Roemer, RB}, 
  journal={IEEE Transactions on Biomedical Engineering}, 
  volume={52}, 
  number={2}, 
  pages={191--200}, 
  year={2005} 
}

@article{arora2007constrained,
  title={{Constrained predictive control of thermal therapies for
minimum-time delivery of thermal dose}},
  author={Arora, D. and Skliar, M. and Cooley, D. and Roemer, R.B.},
  journal={Control Systems Technology, IEEE Transactions on},
  volume={15},
  number={6},
  pages={1030--1037},
  year={2007},
  publisher={IEEE}
}

@article{kalman1960new,
  title={{A new approach to linear filtering and prediction problems}},
  author={Kalman, R.E.}, journal={Journal of basic Engineering},
  volume={82}, number={1}, pages={35--45}, year={1960}
}

@book{grewal2001kalman,
  title={{Kalman filtering: theory and practice using MATLAB}},
  author={Grewal, M.S. and Andrews, A.P.},
  year={2001},
  publisher={Wiley Online Library}
}

@book{tarantola05,
  title={{Inverse Problem Theory and Methods for Model Parameter Estimation}},
  author={Tarantola, A.},
  year={2005},
  publisher={Society for Industrial and Applied Mathematics}
}

@article{arora2002model, 
  title={{Model-predictive control of hyperthermia treatments}}, 
  author={Arora, D. and Skliar, M. and Roemer, RB}, 
  journal={IEEE Transactions on Biomedical Engineering}, 
  volume={49}, 
  number={7}, 
  pages={629--639}, 
  year={2002} 
}

@article{hutchinson1998feasibility, 
  title={{The feasibility of MRI feedback control for intracavitary phased array hyperthermia treatments}}, 
  author={Hutchinson, E. and Dahleh, M. and Hynynen, K.}, 
  journal={International Journal of Hyperthermia}, 
  volume={14}, 
  number={1}, 
  pages={39--56}, 
  year={1998}, 
  publisher={Informa Healthcare} 
}


@article{mougenot2009three,
  title={{Three-dimensional spatial and temporal temperature control with MR thermometry-guided focused ultrasound (MRgHIFU)}},
  author={Mougenot, C. and Quesson, B. and de Senneville, B.D. and de Oliveira, P.L. and Sprinkhuizen, S. and Palussi{\`e}re, J. and Grenier, N. and Moonen, C.T.W.},
  journal={Magnetic Resonance in Medicine},
  volume={61},
  number={3},
  pages={603--614},
  year={2009},
  publisher={Wiley Online Library}
}

@article{fasano2010mathematical,
  title={{On a mathematical model for laser-induced thermotherapy}},
  author={Fasano, A. and H{\\"o}mberg, D. and Naumov, D.},
  journal={Applied Mathematical Modelling},
  year={2010},
  publisher={Elsevier}
}

@article{cheng2010effective,
  title={{Effective learning strategies for real-time image-guided adaptive control of multiple-source hyperthermia applicators}},
  author={Cheng, K.S. and Dewhirst, M.W. and Stauffer, P.R. and Das, S.},
  journal={Medical physics},
  volume={37},
  pages={1285},
  year={2010}
}

@article{de2010optimization,
  title={{Optimization in hyperthermia treatment planning: The impact of
tissue perfusion uncertainty}},
  author={De Greef, M. and Kok, HP and Correia, D. and Bel, A. and Crezee,
J.},
  journal={Medical Physics},
  volume={37},
  pages={4540},
  year={2010}
}

@article{chen2010modeling,
  title={{Modeling of Laser Coagulation of Tissue With MRI Temperature Monitoring}},
  author={Chen, X. and Saidel, G.M.},
  journal={Journal of Biomechanical Engineering},
  volume={132},
  pages={064503},
  year={2010}
}

@article{fuentesetal09,
  author = "D.~Fuentes and Y.~Feng and A.~Elliott and
A.~Shetty and R.~J.~McNichols and J.~T.~Oden and R.~J.~Stafford",
  title = {{Adaptive Real-Time Bioheat Transfer Models for Computer Driven
MR-guided Laser Induced Thermal Therapy}},
  journal = {{IEEE Trans. Biomed. Eng.}},
  year = {2010},
  Volume = {57},
  note = {Cover Page},
  number = {5}
}

@article{sumi2010reconstruction,
  title= {{Reconstructions of tissue thermal properties together with
perfusion and thermal source}},
  author={{C. Sumi and H. Kanada and Y. Takanashi}},
  journal={Thermal  Med.},
  volume={26},
  number={1},
  pages={31--40},
  year={2010}
}
 
@article{pegau1997absorption,
  title={{Absorption and attenuation of visible and near-infrared light in
water: dependence on temperature and salinity}},
  author={Pegau, W.S. and Gray, D. and Zaneveld, J.R.V.},
  journal={Applied Optics},
  volume={36},
  number={24},
  pages={6035--6046},
  year={1997},
  publisher={Optical Society of America}
}

@book{cottrell2009isogeometric,
  title={{Isogeometric analysis: toward integration of CAD and FEA}},
  author={Cottrell, J.A. and Hughes, TJR and Bazilevs, Y.},
  year={2009},
  publisher={Wiley}
}

@article{xiu2009fast,
  title={{Fast numerical methods for stochastic computations: a review}},
  author={Xiu, D.},
  journal={Communications in computational physics},
  volume={5},
  number={2-4},
  pages={242--272},
  year={2009},
  publisher={Citeseer}
}

@article{cherukuri2010use,
  title={{Use of nanoparticles for targeted, noninvasive thermal destruction
of malignant cells}},
  author={Cherukuri, P. and Curley, S.A. and Grobmyer, SR},
  journal={Methods in Molecular Biology},
  volume={624},
  pages={359--373},
  issn={1064-3745},
  year={2010},
  publisher={Springer}
}

@article{haario2006dram,
  title={{DRAM: efficient adaptive MCMC}},
  author={Haario, H. and Laine, M. and Mira, A. and Saksman, E.},
  journal={Statistics and Computing},
  volume={16},
  number={4},
  pages={339--354},
  issn={0960-3174},
  year={2006},
  publisher={Springer}
}

@book{ghanem2003stochastic,
  title={{Stochastic finite elements: a spectral approach}},
  author={Ghanem, R.G. and Spanos, P.D.},
  isbn={0486428184},
  year={2003},
  publisher={Dover Pubns}
}


@article{dos2009probabilistic, 
  title={{Probabilistic finite element analysis of radiofrequency liver ablation using the unscented transform}}, 
  author={dos Santos, I. and Haemmerich, D. and Schutt, D. and da Rocha, A.F. and Menezes, L.R.}, 
  journal={Phys. Med. Biol}, 
  volume={54}, 
  pages={627--640}, 
  year={2009}
}

@book{jackson2005dynamic,
  title={{Dynamic contrast-enhanced magnetic resonance imaging in oncology}},
  author={Jackson, A. and Buckley, D.L. and Parker, G.J.M. and Ah-See, MW},
  year={2005},
  publisher={Springer Berlin}
}

@article{detre2005perfusion,
  title={{Perfusion imaging}},
  author={Detre, J.A. and Leigh, J.S. and Williams, D.S. and Koretsky, A.P.},
  journal={Magnetic Resonance in Medicine},
  volume={23},
  number={1},
  pages={37--45},
  year={2005},
  publisher={John Wiley \& Sons}
}

@Article{Mohammed05, 
  AUTHOR = {Mohammed, Yassene and Verhey, Janko}, 
  TITLE = {A finite element method model to simulate laser interstitial thermo
therapy in anatomical inhomogeneous regions}, 
  JOURNAL = {BioMedical Engineering OnLine}, 
  VOLUME = {4}, 
  YEAR = {2005}, 
  NUMBER = {1}, 
  PAGES = {2},
}
@article{schulze2004laser,
  title={{Laser-induced thermotherapy of neoplastic lesions in the
brain--underlying tissue alterations, MRI-monitoring and clinical
applicability}},
  author={Schulze, PC and Vitzthum, HE and Goldammer, A. and Schneider,
JP and Schober, R.},
  journal={Acta Neurochirurgica},
  volume={146},
  number={8},
  pages={803--812},
  year={2004},
  publisher={Springer}
}


@misc{NCIFact09,
  author = {{National Cancer Institute}},
  title  = {{NCI Cancer Facts \& Figures, Cancer Facts \& Figures 2009.
American Cancer Society Inc.: Atlanta.}},
  year = {2009} 
}

@misc{NCIOSPA08,
  author = {National Cancer Institute},
  title  = {{NCI, NCIâ€™s Office of Science Planning and Assessment (OSPA)
with assistance from SAIC.  A snapshot of: Brain and central nervous
system cancers}},
  year = {2008} 
}
@article{denis2005magnetic,
  title={{Magnetic resonance temperature imaging}},
  author={Denis de Senneville, B. and Quesson, B. and Moonen, CTW},
  journal={International journal of hyperthermia},
  volume={21},
  number={6},
  pages={515--531},
  year={2005},
  publisher={Informa UK Ltd UK}
}

@article{salomir2003fast,
  title={{A fast calculation method for magnetic field inhomogeneity due to
an arbitrary distribution of bulk susceptibility}},
  author={Salomir, R. and de Senneville, B.D. and Moonen, C.T.W.},
  journal={Concepts in Magnetic Resonance Part B: Magnetic Resonance
Engineering},
  volume={19},
  number={1},
  pages={26--34},
  year={2003},
  publisher={John Wiley \& Sons}
}
j
@article{rieke2008mr,
  title={{MR thermometry}},
  author={Rieke, V. and Butts Pauly, K.},
  journal={Journal of Magnetic Resonance Imaging},
  volume={27},
  number={2},
  pages={376--390},
  year={2008},
  publisher={Chicago, IL: Society for Magnetic Resonance Imaging,
c1991-}
}

@article{erguvan2006specimen,
  title={{Specimen radiography in confirmation of MRI-guided needle
localization and surgical excision of breast lesions}},
  author={Erguvan-Dogan, B. and Whitman, G.J. and Nguyen, V.A. and
Dryden, M.J. and Stafford, R.J. and Hazle, J. and McAlee, K.R. and
Phelps, M.J. and Ice, M.F. and Kuerer, H.M. and others},
  journal={American Journal of Roentgenology},
  volume={187},
  number={2},
  pages={339},
  year={2006},
  publisher={Am Roentgen Ray Soc}
}

@article{mcnichols2004technical,
  title={{Technical developments for cerebral thermal treatment:
water-cooled diffusing laser fibre tips and temperature-sensitive MRI
using intersecting image planes}},
  author={McNichols, RJ and Kangasniemi, M. and Gowda, A. and Bankson,
JA and Price, RE and Hazle, JD},
  journal={International Journal of Hyperthermia},
  volume={20},
  number={1},
  pages={45--56},
  year={2004},
  publisher={Informa UK Ltd UK}
}

@article{diagaradjane2008modulation,
  title={{Modulation of in vivo tumor radiation response via gold
nanoshell-mediated vascular-focused hyperthermia: characterizing an
integrated antihypoxic and localized vascular disrupting targeting
strategy.}},
  author={Diagaradjane, P. and Shetty, A. and Wang, JC and Elliott, AM
and Schwartz, J. and Shentu, S. and Park, HC and Deorukhkar, A. and
Stafford, RJ and Cho, SH and others},
  journal={Nano letters},
  volume={8},
  number={5},
  pages={1492},
  year={2008}
}

@book{Maybeck79, 
  Author = {Maybeck, Peter S.}, 
  Title = {Stochastic models, estimation, and control}, 
  Volume = {141}, 
  Series = {Mathematics in Science and Engineering}, 
  Year = {1979} 
}

@article{elliott2009quantitative,
  title={{Quantitative comparison of delta P1 versus optical diffusion
approximations for modeling near-infrared gold nanoshell heating}},
  author={Elliott, A.M. and Schwartz, J. and Wang, J. and Shetty, A.M.
and Bourgoyne, C. and Oâ€™Neal, D.P. and Hazle, J.D. and Stafford, R.J.},
  journal={Medical Physics},
  volume={36},
  pages={1351},
  year={2009}
}

@article{shafirstein2004, 
  title={{A new mathematical approach to the diffusion approximation theory for selective photothermolysis modeling and its implication in laser treatment of port-wine stains}},
  author={Shafirstein, G. and Baumler, W. and Lapidoth, M. and Ferguson, S. and North, P.E. and Waner, M.}, 
  journal={Lasers in Surgery and Medicine}, 
  volume={34}, 
  number={4},  
  year={2004}, 
  publisher={Wiley Subscription Services, Inc., A Wiley Company Hoboken} 
}


@book{Reeder07,
  title={{Measurement of signal-to-noise ratio and parallel imaging}},
  author={Reeder, S.B.},
  year={2007},
  pages={49-61}, 
  publisher={Springer}
}
@phdthesis{Stafford2000,
  AUTHOR         = "R.~J.~Stafford ",
  TITLE          = {Fast Magnetic Resonance Temperature Imaging For Focused Ultrasound Thermal Therapy},
  School         = {{The University of Texas Health Science Center at Houston Graduate School of Biomedical Sciences}},
  YEAR           = {2000}
}
@phdthesis{Fuentes2008,
  AUTHOR         = "D.~Fuentes ",
  TITLE          = {Computational Modeling and Real-Time Control of
                    Patient-Specific Laser Treatment of Prostate
Cancer},
  YEAR           = {2008},
  School         = {The University of Texas at Austin},
}

@article{Dickey04, 
  title={{Light dosimetry for multiple
cylindrical diffusing sources for use in photodynamic therapy}},
  author={Dickey, D.J. and Partridge, K. and Moore, R.B. and Tulip, J.},
  journal={Physics in Medicine and Biology}, 
  volume={49}, 
  number={14},
  pages={3197--3208}, 
  year={2004}, 
  publisher={[London: Institute of Physics in association with the American Institute of Physics and the] American Association of Physicists in Medicine [etc.]}
}
@article{bankson02,
  title={{Simulation-based investigation of partially parallel imaging
with a linear array at high accelerations}},
  author={Bankson, J.A. and Wright, S.M.},
  journal={Magnetic Resonance in Medicine},
  volume={47},
  number={4},
  pages={777--786},
  year={2002}
}

@book{Haacke99,
  title={{Magnetic resonance imaging: physical principles and sequence
design}},
  author={Mark, E. and Haacke, M.R.T. and Brown, R.W.},
  year={1999},
  publisher={Wiley-Liss}
}

@article{arkin1994,
  title={{Recent developments in modeling heat transfer in blood
perfused tissues}},
  author={Arkin, H. and Xu, LX and Holmes, KR},
  journal={IEEE Transactions on Biomedical Engineering},
  volume={41},
  number={2},
  pages={97--107},
  year={1994},
  publisher={Institute of Electrical and Electronics Engineers, Inc, 445
Hoes Ln, Piscataway, NJ, 08854-1331, UK,}
}

@book{duck1990,
  title={{Physical properties of tissue: a comprehensive reference
book}},
  author={Duck, F.A.},
  year={1990},
  publisher={Academic Press}
}

@article{Duggan00,
  title={{The influence of variations in blood flow on pulsed Doppler
ultrasonic heating of the cerebral cortex of the neonatal pig}},
  author={Duggan, PM and Murcott, MF and McPhee, AJ and Barnett, SB},
  journal={Ultrasound in medicine \& biology},
  volume={26},
  number={4},
  pages={647--654},
  year={2000},
  publisher={Elsevier}
}

@article{ishihara1995paf, 
   title={{A precise and fast temperature mapping using water proton chemical shift}}, 
   author={Ishihara, Y. and Calderon, A. and Watanabe, H. and Okamoto, K. and Suzuki, Y. and Kuroda, K. and Suzuki, Y.},
   journal={Magnetic Resonance in Medicine}, 
   volume={34}, 
   number={6}, 
   year={1995},
   publisher={Wiley Subscription Services, Inc., A Wiley Company Baltimore} 
}

@book{roosendaal2000official,
  title={{The official Blender 2.0 guide}},
  author={Roosendaal, T. and Wartmann, C.},
  year={2000},
  publisher={Prima Tech}
}

@article{carpentieretal08,
  title={{Real-time magnetic resonance-guided laser thermal therapy for
focal metastatic brain tumors.}},
  author={Carpentier, A. and McNichols, RJ and Stafford, RJ and
Itzcovitz, J. and Guichard, JP and Reizine, D. and Delaloge, S. and
Vicaut, E. and Payen, D. and Gowda, A. and others},
  journal={Neurosurgery},
  volume={63},
  number={1 Suppl 1},
  pages={8},
  year={2008}
}

@Article{Wissler98,
  author = 	 {Wissler, E. H.},
  title = 	 {Pennes' 1948 Paper Revisited},
  journal = 	 {J. Appl. Physiol.},
  year = 	 1998,
  volume =	 85,
  pages =	 {35--41}
}

@Article{Charny92,
  author = 	 {Charny, C.K.},
  title = 	 {Mathematical models of bioheat transfer},
  journal = 	 {Adv. Heat Trans.},
  year = 	 1992,
  volume =	 22,
  pages =	 {19--155}
}

@Article{Fuentesetal08,
  author = "D.~Fuentes and J.~T.~Oden and K.~R.~Diller  and J.~Hazle and A.~Elliott and A.~Shetty and R.~J.~Stafford ",
  title = {Computational Modeling and Real-Time Control of Patient-Specific
           Laser Treatment Cancer},
  journal = {Ann. BME.},
  year = {2009},
  number = {4},
  Volume = {37}, 
  pages = {763}, 
  doi  = {10.1007/s10439-008-9631-8}
}


@techreport{atkins03,
title={{Revolutionizing Science and Engineering Through Cyberinfrastructure: Report of the National Science Foundation Blue-Ribbon Advisory Panel on Cyberinfrastructure}},
institution={National Science Foundation},
author={D.~E.~Atkins and K.~K.~Droegemeier and S.~I.~Feldman and H.~Garcia-Molina and M.~L.~Klein and D.~G.~Messerschmitt and P.~Messina and J.~P.~Ostriker and M.~H.~Wright},
year={2003}
}

@article{hindman2004prs,
  title={{Proton Resonance Shift of Water in the Gas and Liquid
States}},
  author={Hindman, J.C.},
  journal={The Journal of Chemical Physics},
  volume={44},
  pages={4582--4592},
  year={1966},
  publisher={AIP}
}

@article{roti1980,
  title={{Comparison of Two Mathematical Models for Describing
Heat-Induced Cell Killing}},
  author={Roti Roti, J.L. and Henle, K.J.},
  journal={Radiation Research},
  volume={81},
  number={3},
  pages={374--383},
  year={1980},
  publisher={JSTOR}
}
@article{DNA-melting05,
  title={{Chains, dimers, and sandwiches: melting behavior of DNA
nanoassemblies.}},
  author={Bayer, J. and R{\"a}dler, J.O. and Blossey, R.},
  journal={Nano Lett},
  volume={5},
  number={3},
  pages={497--501},
  year={2005}
}

@article{Weikl04,
  title={{Cooperativity in two-state protein folding kinetics}},
  author={Weikl, T.R. and Palassini, M. and Dill, K.A.},
  journal={Protein Science},
  volume={13},
  number={3},
  pages={822--829},
  year={2004},
  publisher={Cold Spring Harbor Lab}
}

@article{He05noniso,
  title={{The Kinetics of Thermal Injury in Human Renal Carcinoma Cells}},
  author={He, X. and Bischof, J.C.},
  journal={Annals of Biomedical Engineering},
  volume={33},
  number={4},
  pages={502--510},
  year={2005},
  publisher={Springer}
}

@Article{Pennes1948,
  author = 	 {Pennes, H. H.},
  title = 	 {Analysis of Tissue and Arterial Blood Temperatures in the Resting Forearm},
  journal = 	 {J. Appl. Physiol.},
  year = 	 1948,
  volume =	 1,
  pages =	 {93--122}
}

@article{Merlo05phi,
  title={{$\Phi$ values in protein-folding kinetics have energetic and structural components}},
  author={Merlo, C. and Dill, K.A. and Weikl, T.R.},
  journal={Proceedings of the National Academy of Sciences},
  volume={102},
  number={29},
  pages={10171--10175},
  year={2005},
  publisher={National Acad Sciences}
}

@article{Dill85,
  title={{Theory for the folding and stability of globular proteins}},
  author={Dill, K.A.},
  journal={Biochemistry},
  volume={24},
  number={6},
  pages={1501--1509},
  year={1985},
  publisher={American Chemical Society}
}

@article{Tsang96,
  title={{Master Equation Analysis of Thermal Activation Reactions: Energy-Transfer Constraints on 
Falloff Behavior in the Decomposition of Reactive Intermediates with Low Thresholds}},
  author={Tsang, W. and Bedanov, V. and Zachariah, M.R.},
  journal={J. Phys. Chem},
  volume={100},
  pages={4011--4018},
  year={1996}
}

@article{Jung86,
  title={{A generalized concept for cell killing by heat.}},
  author={Jung, H.},
  journal={Radiat Res},
  volume={106},
  number={1},
  pages={56--72},
  year={1986}
}
@book{biochem,
  title={{Lehninger Principles of Biochemistry, 4th ed.}},
  author={Nelson, D.L. and Cox, M.M.},
  year={2004},
  publisher={Worth}
}

@ARTICLE{DRD02,
    AUTHOR = {Demkowicz, L. and Rachowicz, W. and Devloo, Ph.},
    TITLE = {A Fully Automatic $hp$-Adaptivity},
    JOURNAL = {Journal of Scientific Computing},
    YEAR = {2002},
        VOLUME ={17},
        NUMBER = {1-3},
        PAGES = {127-155},
        NOTE = {}
}

@inbook{Dilleretal07,
  editor = "W.~J.~Minkowycz and E.~M.~Sparrow",
  author = "K.~R.~Diller and J.~T.~Oden and C.~Bajaj and J.~C.~Browne and J.~Hazle and I.~Babu\v{s}ka and J.~Bass and L.~Bidaut and L.~Demkowicz and A.~Elliott and Y.~Feng and D.~Fuentes and S.~Goswami and A.~Hawkins and S.~Khoshnevis and B.~Kwon and S.~Prudhomme and R.~J.~Stafford ",
  chapter = {9: Computational Infrastructure for the Real-Time
            Patient-Specific Treatment of Cancer},
  volume = {3: Numerical Implementation of Bioheat Models and Equations},
  title = {Advances in Numerical Heat Transfer} ,
  year = {2008},
  publisher = {Taylor \& Francis Group}
}

@article{flath2011fast,
  title={Fast algorithms for Bayesian uncertainty quantification in large-scale linear inverse problems based on low-rank partial Hessian approximations},
  author={Flath, HP and Wilcox, LC and Ak{\c{c}}elik, V. and Hill, J. and van Bloemen Waanders, B. and Ghattas, O.},
  journal={SIAM Journal on Scientific Computing},
  volume={33},
  number={1},
  pages={407},
  year={2011}
}

@article{emelianov2009photoacoustics,
  title={{Photoacoustics for molecular imaging and therapy}},
  author={Emelianov, S.Y. and Li, P.C. and Oâ€™Donnell, M.},
  journal={Physics today},
  volume={62},
  number={8},
  pages={34},
  year={2009},
  publisher={NIH Public Access}
}

@article{mallidi2009multiwavelength,
  title={{Multiwavelength photoacoustic imaging and plasmon
resonance coupling of gold nanoparticles for selective detection of
cancer}},
  author={Mallidi, S. and Larson, T. and Tam, J. and Joshi, P.P.
and Karpiouk, A. and Sokolov, K. and Emelianov, S.},
  journal={Nano letters},
  volume={9},
  number={8},
  pages={2825--2831},
  issn={1530-6984},
  year={2009},
  publisher={ACS Publications}
}

@article{shah2008photoacoustic,
  title={{Photoacoustic imaging and temperature measurement for photothermal
cancer therapy}},
  author={Shah, J. and Park, S. and Aglyamov, S. and Larson, T. and Ma, L.
and Sokolov, K. and Johnston, K. and Milner, T. and Emelianov, S.Y.},
  journal={Journal of biomedical optics},
  volume={13},
  pages={034024},
  year={2008}
}


@article{biros2006parallel,
  title={{Parallel Lagrange-Newton-Krylov-Schur methods for
PDE-constrained optimization. part i: the Krylov-Schur solver}},
  author={Biros, G. and Ghattas, O.},
  journal={SIAM Journal on Scientific Computing},
  volume={27},
  number={2},
  pages={687--713},
  issn={1064-8275},
  year={2006},
  publisher={Citeseer}
}

@article{bekas2007estimator,
  title={{An estimator for the diagonal of a matrix}},
  author={Bekas, C. and Kokiopoulou, E. and Saad, Y.},
  journal={Applied numerical mathematics},
  volume={57},
  number={11-12},
  pages={1214--1229},
  issn={0168-9274},
  year={2007},
  publisher={Elsevier}
}

@article{melancon2009gold,
  title={{Gold-Based Magneto/Optical Nanostructures: Challenges for In Vivo
Applications in Cancer Diagnostics and Therapy}},
  author={Melancon, M. and Lu, W. and Li, C.},
  journal={Materials research bulletin},
  volume={34},
  number={6},
  pages={415},
  year={2009},
  publisher={NIH Public Access}
}


@article{fisher2009data,
  title={{Data assimilation in weather forecasting: a case study in
PDE-constrained optimization}},
  author={Fisher, M. and Nocedal, J. and Tr{\'e}molet, Y. and Wright, S.J.},
  journal={Optimization and Engineering},
  volume={10},
  number={3},
  pages={409--426},
  issn={1389-4420},
  year={2009},
  publisher={Springer}
}

@InProceedings{Handbook05,
  author = 	 {Diller, K. R. and Valvano, J. W. and Pearce, J. A.},
  title = 	 {Bioheat Transfer},
  booktitle =	 {The {CRC} Handbook of Mechanical Engineering, 2nd {E}d.},
  pages =	 {4--278-4--357},
  year =	 2005,
  editor =	 {F. Kreith and Y. Goswami},
  publisher =	 {CRC Press, Boca Raton}
}

@phdthesis{Fuentes2008,
  AUTHOR         = "D.~Fuentes ",
  TITLE          = {Computational Modeling and Real-Time Control of
                    Patient-Specific Laser Treatment of Prostate Cancer},
  YEAR           = {2008},
  School         = {The University of Texas at Austin},
}

@InProceedings{feng05,
  author = 	 {Feng, Y. and  Rylander, M. N. and  Bass, J. and Oden, J. T. and Diller, K.},
  title = 	 {Optimal Design of Laser Surgery for Cancer Treatment Through
                  Nanoparticle-Mediated Hyperthermia Therapy},
  booktitle =	 {NSTI-Nanotech 2005},
  pages =	 {39--42},
  year =	 2005,
  volume =	 1
}

@Article{Diller4,
  author = 	 {Rylander, M. N. and Feng, Y. and Diller, K. R. and Aggarwal, S. J.},
  title = 	 {{HSP27}, 60, and 70 expression kinetics and cell viability following hyperthermia in normal and cancerous prostate cells},
  journal = 	 {Biophysical Journal},
  year = 	 2005,
  note =	 {in review}
}


@phdthesis{Rylander2005,
  AUTHOR          = "M.N.~Rylander ",
  TITLE           = { Design  of Hyperthermia Protocols for Inducing 
	  Cardiac Protection and Tumor Destruction by Controlling
		  Heat Shock Protein Expression},
  YEAR            = {2005},
  School         = {The University of Texas at Austin},
}

@article{MNR05cell,
  title={{Correlation of HSP70 Expression and Cell Viability Following Thermal Stimulation of Bovine Aortic Endothelial Cells}},
  author={Rylander, M. N. and K. R. Diller and Wang, S. and Aggarwal, S.J.},
  journal={Journal of Biomechanical Engineering},
  volume={127},
  pages={751 -- 757},
  year={2005}
}

@article{Dewey77,
  title={{Cellular responses to combinations of hyperthermia and radiation}},
  author={Dewey, W. C. and L.E. Hopwood and S.A. Sapareto and L.E. Gerweck},
  journal={Radioation Biology},
  volume={123},
  number={2},
  pages={463--474},
  year={1977},
  publisher={RSNA}
}

@article{Philibert05,
  title={{Some Thoughts and/or Questions about Activation Energy and Pre-exponential Factor}},
  author={Philibert, J.},
  journal={Defect and Diffusion Forum},
  volume={249},
  pages={61 -- 72},
  year={2006}
}

@article{ott2004local,
  title={{A local ensemble Kalman filter for atmospheric data assimilation}},
  author={Ott, E. and Hunt, B.R. and Szunyogh, I. and Zimin, A.V. and Kostelich, E.J. and Corazza, M. and Kalnay, E. and Patil, DJ and Yorke, J.A.},
  journal={Tellus A},
  volume={56},
  number={5},
  pages={415--428},
  year={2004},
  publisher={John Wiley \& Sons}
}

@article{aidala2002parameter,
  title={{Parameter estimation via the kalman filter}},
  author={Aidala, V.},
  journal={Automatic Control, IEEE Transactions on},
  volume={22},
  number={3},
  pages={471--472},
  issn={0018-9286},
  year={2002},
  publisher={IEEE}
}


@article{Pearce95,
  title={{Rate process analysis of thermal damage}},
  author={Pearce, J. and Thomsen, S.},
  journal={Optical-Thermal Response of Laser-Irradiated Tissue, A. J. Welch and M. J. C. van Gemert, ed.},
  pages={561--606},
  year={1995},
  publisher={New York: Plenum Press}
}


@article{Lepock05,
  title={{How do cells respond to their thermal environment?}},
  author={Lepock, J.R.},
  journal={International Journal of Hyperthermia},
  volume={21},
  number={8},
  pages={681--687},
  year={2005},
  publisher={Taylor \& Francis}
}
@article{Bischof03rev,
  title={{Quantification of Temperature and Injury Response in Thermal Therapy and Cryosurgery}},
  author={He, X. and Bischof, J.C.},
  journal={Journal of Biomechanical Engineering},
  volume={31},
  pages={355 -- 422},
  year={2003}
}

@article{HM1,
  title={Studies of thermal injury. I. The conduction of heat to and through skin and the temperatures attained therein. A theoretical and an experimental investigation},
  author={Henriques, F.C. and Moritz, A.R.},
  journal={Am. J. Pathol},
  volume={23},
  number={53},
  pages={l--549},
  year={1947}
}

@article{HM2,
  title={Studies of thermal injury. II. The relative importance of time and surface temperature in the causation of cutaneous burns},
  author={Moritz, A.R. and Henriques, F.C.},
  journal={Am J Pathol},
  volume={23},
  pages={695--720},
  year={1947}
}

@book{Laidler87,
  title={{Chemical Kinetics, 3rd ed.}},
  author={Laidler, K. J.},
  year={1987},
  publisher={Harper \& Row Publishers Inc., New York},
}

@article{Arrhenius1889,
  title={{On the Reaction Velocity of the Inversion of Cane Sugar by Acids}},
  author={Arrhenius, S.},
  journal={Zeitschrift f{\"u}r Physikalische Chemie},
  volume={4},
  pages={226},
  year={1889}
}

@ARTICLE{Fengetal08,
  author = {Y.~Feng and D.~Fuentes and A.~Hawkins 
            and J.~Bass and M.~N.~Rylander},
  title = {Model-Based Optimization and Real-Time Control 
           for Laser Treatment of  Heterogeneous Soft Tissues},
  journal = {{CMAME}},
  year = {2009},
  volume = {198},
  number= {21-26}, 
  pages = {1742-1750},
  note = {{Advances in Simulation-Based Engineering Sciences  Special Issue Honoring Prof. J. Tinsley Oden}},
}

@Article{Fengetal07,
  author = "Y.~Feng and D.~Fuentes and A.~Hawkins and J.~Bass and M.~N.~Rylander and A.~Elliott and A.~Shetty and R.~J.~Stafford and J.~T.~Oden", 
  title = {Nanoshell-Mediated Laser Surgery Simulation for Prostate Cancer Treatment} ,
  journal = {Engineering with Computers} ,
  doi  = {10.1007/s00366-008-0109-y},
  year = {2009},
  volume = {25},
  number = {1},
  pages  = {3-13}
}

@article{huttunen2009model,
  title={{Model reduction in state identification problems with an
application to determination of thermal parameters}},
  author={Huttunen, J.M.J. and Kaipio, J.P.},
  journal={Applied Numerical Mathematics},
  volume={59},
  number={5},
  pages={877--890},
  year={2009},
  publisher={Elsevier}
}

@book{simon2006optimal,
  title={{Optimal state estimation: Kalman, H [infinity] and nonlinear
approaches}},
  author={Simon, D.},
  year={2006},
  publisher={John Wiley and Sons}
}

@article{malinen2006feedforward,
  title={{Feedforward and feedback control of ultrasound surgery}},
  author={Malinen, M. and Duncan, S.R. and Huttunen, T. and Kaipio, J.P.},
  journal={Applied Numerical Mathematics},
  volume={56},
  number={1},
  pages={55--79},
  year={2006},
  publisher={Elsevier}
}


@ARTICLE{JBME07,
  author = {Y.~Feng and J.~T.~Oden and M.N.~Rylander},
  title = {A Statistical Thermodynamics Based Cell Damage Models and its
Validation in vitro},
  journal = {J. Biomech. Eng.},
  volume={130}, 
  number={041016},
  pages={1-10},
  year = {2008}
}

@Unpublished{ArbogastNotes,
  author =	 "T.~Arbogast and J.~Bona",
  title =	 {Methods of Applied Mathematics},
  note =	 {University of Texas at Austin, Dept. of Mathematics, 
                  Applied Mathematics Course Notes},
  year =	 {2004}
}
@Book{Showalter97,
  author =	 "R.E.~Showalter",
  title =	 {Monotone Operators in Banach Space and 
                  Nonlinear Partial Differential Equations},
  publisher =	 {American Mathematical Society},
  year =	 {1997}
}
@misc{DDDASDarema,
  author =	 "F.~Darema",
  title =	 "{DDDAS}: {D}ynamic {D}ata {D}riven {A}pplications {S}ystems",
  howpublished = " website: www.nsf.gov/cise/cns/dddas"
}


@article{staffordetal04,
author={ R.~J.~Stafford and R.~E.~Price  and C.~J.~Diederich and 
M.~Kangasniemi and L.~ E.~Olsson and  J.~D.~Hazle},
title={Interleaved echo-planar imaging for fast multiplanar magnetic
resonance temperature imaging of ultrasound thermal ablation therapy},
journal={Journal of Magnetic Resonance Imaging},
volume={20},
number={4},
pages={706-714},
year={2004} 
}


@Book{Demkowicz07,
  author =	 "L.~Demkowicz",
  title =	 {Computing with hp-Adaptive Finite Elements: Volume 1- 
                  One and Two Dimensional Elliptic and Maxwell Problems},
  publisher =	 {Chapman \& Hall/CRC Applied Sciences},
  year =	 {2007}
}

@Article{Odenetal07,
  author = "J.~T.~Oden and K.~R.~Diller and C.~Bajaj and J.~C.~Browne and J.~Hazle and I.~Babu\v{s}ka and J.~Bass and L.~Demkowicz and Y.~Feng and D.~Fuentes and S.~Prudhomme and M.~N.~Rylander and R.~J.~Stafford and Y.~Zhang ",
  title = {Dynamic Data-Driven Finite Element Models for Laser Treatment of prostate cancer},
  journal = {{Num. Meth. PDE}},
  year = {2007},
  volume = {23},
  number = {4},
  pages  = {904-922},
}


@article{Nau,
  title={{Measurement of thermal effects on the optical properties of prostate tissue at wavelengths of 1, 064 and 633 nm}},
  author={Nau, W. H. and Roselli, R. J. and Milam, D. F.},
  journal={Lasers in Surgery and Medicine},
  volume={24},
  number={1},
  pages={38--47},
  year={1999}
}

@article{schwartz2009feasibility,
  title={{Feasibility study of particle-assisted laser ablation of
brain tumors in orthotopic canine model}},
  author={Schwartz, J.A. and Shetty, A.M. and Price, R.E. and
Stafford, R.J. and Wang, J.C. and Uthamanthil, R.K. and Pham, K.
and McNichols, R.J. and Coleman, C.L. and Payne, J.D.},
  journal={Cancer research},
  volume={69},
  number={4},
  pages={1659},
  issn={0008-5472},
  year={2009},
  publisher={AACR}
}

@book{Welch95,
  title={Optical-Thermal Response of Laser-Irradiated Tissue},
  author={A. J. Welch and M. J. C. van Gemert},
  year={1995},
  publisher={New York: Plenum Press}
}

@article{puech2009imaging,
  title={{Imaging of organ-confined prostate cancer: functional ultrasound,
MRI and PET/computed tomography}},
  author={Puech, P. and Huglo, D. and Petyt, G. and Lemaitre, L. and
Villers, A.},
  journal={Current Opinion in Urology},
  volume={19},
  number={2},
  pages={168},
  year={2009}
}

@inproceedings{jones2009first,
  title={First human application of laser interstitial thermal therapy in GBM using MR Guided AutoLITT system},
  author={Jones, S. and Barnett, G. and Sunshine, JL and Griswold, M. and Sloan, A. and Phillips, MD and Tyc, R. and Torchia, M.},
  booktitle={Proceedings 17th Scientific Meeting, International Society for Magnetic Resonance in Medicine},
  year={2009}
}

@article{boyes2007prostate,
  title={{Prostate tissue analysis immediately following magnetic resonance
imaging guided transurethral ultrasound thermal therapy}},
  author={Boyes, A. and Tang, K. and Yaffe, M. and Sugar, L. and Chopra, R.
and Bronskill, M.},
  journal={The Journal of urology},
  volume={178},
  number={3},
  pages={1080--1085},
  year={2007},
  publisher={Lippincott Williams \& Wilkins}
}

@article{kurhanewicz2008multiparametric,
  title={{Multiparametric magnetic resonance imaging in prostate cancer:
present and future}},
  author={Kurhanewicz, J. and Vigneron, D. and Carroll, P. and Coakley, F.},
  journal={Current opinion in urology},
  volume={18},
  number={1},
  pages={71},
  year={2008},
  publisher={NIH Public Access}
}

@ARTICLE{ZBGBH06,
      author = "Y. Zhang and Y. Bazilevs and S. Goswami and C. Bajaj and T.
J. R. Hughes",
      title = "Patient-specific vascular {NURBS} modeling for isogeometric
analysis of blood flow",
      journal = {cmame},
      volume = "196",
      issue = "29-30",
      pages = "2943-2959",
      year = "2007"
}

@PHDTHESIS{Kurtz07,
           author={Kurtz, J.},
           title={Fully Automatic $hp$-Adaptivity for Acoustic and
                  Electromagnetic Scattering in Three Dimensions},
           school={The University of Texas at Austin},
           year={2007},
           month={May}
}

@Article{diller01,
    author =  { K. R. Diller},
title  =  { Stress Protein Expression Kinetics},
    journal=  { Annual Review of Biomedical Engineering},
    volume =  { 8},
    pages  =  {403-424},
    year   =  {2006}
}

@Article{horwich02,
    author =  { Arthur Horwich},
    title  =  { Protein aggregation in disease: a role for folding intermediates forming specific multimeric interactions},
    journal=  { J Clin Invest.},
    volume =  {110},
    pages  =  {1221â€“1232},
    year   =  {2002}
}
@Article{rylander03,
    author =  { M. N. Rylander and  S. Wang and  S. Aggarwal and K. R. Diller},
    title  =  { Correlation of HSP 70 Expression and Cell Viability Following Thermal Stimulation of Bovine Aortic Endothelial Cells},
    journal=  { Journal of Biomechanical Engineering},
    volume =  {127},
    pages  =  {751-757},
    year   =  {2005}
}
@Article{peper04,
    author =  { Peper A and Grimbergen CA and Spaan JA and Souren JE and van Wijk R.},
    title  =  { A mathematical model of the hsp70 regulation in the cell.},
    journal=  { international Journal of hyperthermia},
    volume =  {14},
    pages  =  {97-124},
    year   =  {1998}
}
@Article{coss05,
    author =  { Ronald A. Coss },
    title  =  { Inhibiting induction of heat shock proteins as a strategy to enhance cancer therapy },
    journal=  { International Journal of Hyperthermia},
    volume =  {21},
    pages  =  {695 - 701},
    year   =  {2005}
}
@Article{srinivasan06,
    author =  { DineshÂ Srinivasan and Leah RÂ Burbach and Donald VÂ Daniels and Anthony P D WÂ Ford and AnindyaÂ Bhattacharya},
    title  =  { Pharmacological characterization of canine bradykinin receptors in prostatic culture and in isolated prostate},
    journal=  { British Journal of Pharmacology},
    volume =  {142},
    pages  =  {297â€“304},
    year   =  {2004}
}
@Article{walden07,
    author =  { Paul D. Walden and Michael Ittmann and Marie E. Monaco and Herbert Lepor },
    title  =  { Endothelin-1 production and agonist activities in cultured prostate-derived cells: Implications for regulation of endothelin bioactivity and bioavailability in prostatic hyperplasia
},
    journal=  { The prostate},
    volume =  {34},
    pages  =  {241-250},
    year   =  {1998}
}
@Article{peehl08,
    author =  { DonnaÂ M.Â Peehl and GordonÂ K.Â Leung and StephenÂ T.Â Wong},
    title  =  { Keratin expression: a measure of phenotypic modulation of human prostatic epithelial cells by growth inhibitory factors },
    journal=  { Cell and Tissue Research},
    volume =  {277},
    pages  =  {11-18},
    year   =  {1994}
}

@Article{shinohara04,
  author = 	 "K.~Shinohara",
  title = 	 {Thermal ablation of prostate diseases: advantages and limitations}, 
  journal = 	 {Int. J. Hyperthermia},
  year = 	 2004,
  volume =	 20,
  number =	 7,
  pages =	 {679-697}
}


@Article{hazle16,
  author = 	 {R. {Salomir et al.}},
  title = 	 {Hyperthermia by {MR}-guided focused ultrasound: accurate temperature control based on fast {MRI} and a physical model of local energy deposition and heat conduction},
  journal = 	 {Magn. Reson. Med.},
  year = 	 2000,
  volume =	 43,
  number =	 3,
  pages =	 {342--347}
}

@Article{hazle17,
  author = 	 {F. C. {Vimeux et al.}},
  title = 	 {Real-time control of focused ultrasound heating based on rapid {MR} thermometry},
  journal = 	 {Invest. Radiol.},
  year = 	 1999,
  volume =	 34,
  number =	 3,
  pages =	 {190--193}
}

@article{hazle2002mri,
  title={{MRI-guided thermal therapy of transplanted tumors in the canine
prostate using a directional transurethral ultrasound applicator}},
  author={Hazle, J.D. and Diederich, C.J. and Kangasniemi, M. and Price,
R.E. and Olsson, L.E. and Stafford, R.J.},
  journal={Journal of Magnetic Resonance Imaging},
  volume={15},
  number={4},
  pages={409--417},
  year={2002},
  publisher={Wiley Online Library}
}

@misc{cubit,
  author = "{T. Blacker {\it et al.}}",
  title = "{C}ubit {U}sers {Manual}",
  institution = "Sandia National Laboratory: USA",
  note = "\texttt{http://cubit.sandia.gov/documentation}",
  year = 2008,
}
%%% Regularization

@article{DGGZ2003
, author = "T. K. Dey and J. Giesen and S. Goswami and W. Zhao"
, title = "Shape dimension and approximation from samples"
, journal = "Discrete and Computaional Geometry"
, volume = 29
, year = 2003
, pages = "419--434"
}

%%% Meshing

@article{ZB2006,
author = "Y. Zhang and C. Bajaj",
title = "Adaptive and Quality Quadrilateral/Hexahedral Meshing from Volumetric Data",
journal = "Computer Methods in Applied Mechanics and Engineering (CMAME)",
volume = 195,
number = "(9-12)",
pages = "942-960",
year = 2006
}

@article{arnfield1989optical,
  title={{Optical dosimetry for interstitial photodynamic therapy}},
  author={Arnfield, MR and Tulip, J. and Chetner, M. and McPhee, MS},
  journal={Medical physics},
  volume={16},
  pages={602},
  year={1989}
}

@article{ZBS2005,
author = "Y. Zhang and C. Bajaj and B-S. Sohn",
title = "{3D} Finite Element Meshing from Imaging Data",
journal = "The special issue of Computer Methods in Applied Mechanics and Engineering (CMAME)
           on Unstructured Mesh Generation",
volume = 194,
number = "(48-49)",
pages = "5083-5106",
year = 2005
}

@inproceedings{ZBX2005,
author = "Y. Zhang and C. Bajaj and G. Xu",
title = "Surface Smoothing and Quality Improvement of Quadrilateral/Hexahedral Meshes with Geometric Flow",
booktitle = "Proceedings of 14th International Meshing Roundtable",
pages = "449-468",
year =  2005
}

@inproceedings{JLSW2002,
    author = "Tao Ju and Frank Losasso and Scott Schaefer and Joe Warren",
    title = "Dual Contouring of Hermite Data",
    booktitle = "Siggraph 2002, Computer Graphics Proceedings",
    publisher = "ACM Press / ACM SIGGRAPH / Addison Wesley Longman",
    editor = "",
    pages = "339--346",
    year = "2002",
    url = "citeseer.ist.psu.edu/ju02dual.html" }


@article{dice1945mae,
  title={{Measures of the amount of ecologic association between
species}},
  author={Dice, L.R.},
  journal={Ecology},
  pages={297--302},
  year={1945},
  publisher={Brooklyn Botanic Garden}
}

@article{BCX1995,
author = "C. Bajaj and J. Chen and G. Xu",
title = "Modeling with cubic {A}-patches",
journal = "ACM Transactions on Graphics",
volume = 14,
number = 2,
pages = "103-133",
year = 1995
}

%%% End Meshing

@inproceedings{DGG2003
, author =  "T. K. Dey and J. Giesen and S. Goswami"
, title =   "Shape segmentation and matching with flow discretization"
, booktitle =   "Proc. Workshop Algorithms Data Strucutres (WADS 03)"
, year =    2003
, pages =   "25--36"
, editor =      {F. Dehne and J.-R. Sack and M. Smid}
, series =      "LNCS 2748"
, address =     "Berlin, Germany"
}

%%% Surface Reconstruction - Discrete and Variational

@inproceedings{BXZ2007,
author = "C. Bajaj and G. Xu and X. Zhang",
title = "Smooth surface constructions via a higher-order level-set method",
booktitle = "Pro. CAD/GRAPHICS 2007",
year = 2007,
pages = "to appear"
}

@inproceedings{DG2004
, author =  "T. K. Dey and S. Goswami"
, title =   "Provable surface reconstruction from noisy samples"
, booktitle =   "Proc. 20th ACM-SIAM Sympos. Comput. Geom."
, year =    2004
, pages =   "330--339"
}

@inproceedings{DG2003
, author =  "T. K. Dey and S. Goswami"
, title =   "Tight Cocone: A water-tight surface reconstructor"
, booktitle =   "Proc. 8th ACM Sympos. Solid Modeling and Applications"
, year =    2003
, pages =   "127--134"
}

@inproceedings{LC1987,
    author = "W. Lorensen and H. Cline",
    title = "{Marching Cubes: A High Resolution 3D Surface Construction Algorithm}",
    booktitle = "SIGGRAPH",
    pages = "163--169",
    year = 1987
}

%%% End Reconstruction

@inproceedings{GDB2006
, author = "S. Goswami and T. K. Dey and C. L. Bajaj"
, title = "Identifying Flat and Tubular Regions of a Shape by Unstable Manifolds"
, booktitle = "Proc. 11th Sympos. Solid and Physical Modeling"
, year = 2006
, pages = "27--37"
}

%%% Image Processing - Contrast Enhancement.

@inproceedings{Yu2004:ICIP,
author = "Z. Yu and C. Bajaj",
title = "A fast and adaptive algorithm for image contrast enhancement",
booktitle = "Proc of IEEE International Conference on Image Processing",
year = "2004",
pages = "1001--1004"
}

%%%% Image Processing - Filtering

@inproceedings{aniso02,
    author = "C. Bajaj and Q. Wu and G. Xu",
    title = "Level Set Based Volumetric Anisotropic Diffusion",
    booktitle = "ICES Technical Report 301, The Univ. of Texas at Austin",
    year = "2003",
}

%%% Image Processing - Classification


@inproceedings{Yu2002:ECCV,
    author = "Z. Yu and C. Bajaj",
    title = "Normalized Gradient Vector Diffusion and Image Segmentation",
    booktitle = "Proceedings of European Conference on Computer Vision",
    year = "2002",
    pages = "517-530"
}


@article{Sethian1996,
    author = "J.A. Sethian",
    title = "A marching level set method for monotonically advancing fronts",
    journal = "Proc. Natl. Acad. Sci.",
    year = "1996",
        volume = "93(4)",
        pages = "1591-1595"
}


@book{Sethian1999,
        author = "J.A. Sethian",
        title = "Level Set Methods and Fast Marching Methods, 2nd edition",
        publisher = "Cambridge University pPress",
        year = "1999"
}



@inproceedings{YB2004,
author = "Z. Yu and C. Bajaj",
title = "A Segmentation-Free Approach for Skeletonization of
Gray-Scale Images via Anisotropic Vector Diffusion",
booktitle = "IEEE International Conference on Computer Vision
and Pattern Recognition (CVPR'04)",
volume = 1,
pages = "415--420",
year = 2004
}

@inproceedings{GGB2007
, author =  "S. Goswami and A. Gillette and C. Bajaj"
, title =   "Efficient {D}elaunay Mesh Generation from Sampled Scalar Function"
, booktitle =   "Proc. 16th Int. Meshing Roundtable"
, pages =   "to appear"
, year =        2007
}

@article{BX2001,
author = "C. Bajaj and G. Xu",
title = "Smooth Shell Construction with Mixed Prism Fat Surfaces",
journal = "Brunett, G., Bieri,H., Farin, G. (eds.), Geometric Modeling Computing Supplement",
volume = 14,
year = 2001,
pages = "19--35"
}

@article{ZBGBH2007
, author =  "Y. Zhang and Y. Bazilevs and S. Goswami and C. L. Bajaj and T. J. R. Hughes"
, title =   "Patient-Specific Vascular NURBS Modeling for Isogeometric Analysis
                 of Blood Flow"
, journal = "Computer Methods in Applied Mechanics and Engineering (CMAME)"
, volume = 196
, number = "29-30"
, year = 2007
, pages = "2943--2959"
}

@inproceedings{prudencio2012parallel,
  title={The Parallel {C++} Statistical Library QUESO: Quantification of Uncertainty for Estimation, Simulation and Optimization},
  author={Prudencio, E. and Schulz, K.},
  booktitle={Euro-Par 2011: Parallel Processing Workshops},
  pages={398--407},
  year={2012},
  organization={Springer}
}

@article{liu2010vitro,
  title={In vitro photothermal study of gold nanoshells functionalized with small targeting peptides to liver cancer cells},
  author={Liu, S.Y. and Liang, Z.S. and Gao, F. and Luo, S.F. and Lu, G.Q.},
  journal={Journal of Materials Science: Materials in Medicine},
  volume={21},
  number={2},
  pages={665--674},
  year={2010},
  publisher={Springer}
}
@article{hirsch2003nanoshell,
  title={Nanoshell-mediated near-infrared thermal therapy of tumors under magnetic resonance guidance},
  author={Hirsch, L.R. and Stafford, RJ and Bankson, JA and Sershen, SR and Rivera, B. and Price, RE and Hazle, JD and Halas, NJ and West, JL},
  journal={Proceedings of the National Academy of Sciences},
  volume={100},
  number={23},
  pages={13549},
  year={2003},
  publisher={National Acad Sciences}
}

@article{el2010nanotechnology,
  title={{Nanotechnology in Head and Neck Cancer: The Race Is On}},
  author={El-Sayed, I.H.},
  journal={Current oncology reports},
  volume={12},
  number={2},
  pages={121--128},
  issn={1523-3790},
  year={2010},
  publisher={Springer}
}

@article{davis2008nanoparticle,
  title={{Nanoparticle therapeutics: an emerging treatment modality for
cancer}},
  author={Davis, M.E. and others},
  journal={Nature Reviews Drug Discovery},
  volume={7},
  number={9},
  pages={771--782},
  issn={1474-1776},
  year={2008},
  publisher={Nature Publishing Group}
}

@article{barry2009challenges,
  title={{Challenges in the development of magnetic particles for
therapeutic applications}},
  author={Barry, S.E.},
  year={2009},
  publisher={Informa UK Ltd UK}
}

@TechReport{petsc-manual,
	Author = "Satish Balay and William D. Gropp and Lois C. McInnes and Barry F. Smith",
	Title = {{PETSc Users Manual}},
	Number = "ANL-95/11 - Revision 2.1.5",
	Institution = "Argonne National Laboratory",
	Year = "2003"
}

@TechReport{tao-user-ref,
   author =       "Steven J. Benson and Lois Curfman McInnes and Jorge Mor\'{e} and Jason Sarich",
  title =        "{TAO} User Manual (Revision 1.8)",
  year =         "2005",
  institution =  "Mathematics and Computer Science Division, Argonne National Laboratory",
  number =       "ANL/MCS-TM-242",
  note =         "http://www.mcs.anl.gov/tao",
}

@Manual{ITKSoftwareGuideSecondEdition,
  Title          = {The {ITK} {S}oftware {G}uide},
  Author         = {Ibanez, L. and Schroeder, W. and Ng, L. and Cates, J.},
  Organization   = "Kitware, Inc. ISBN 1-930934-15-7",
  Address        = {http://www.itk.org/ItkSoftwareGuide.pdf},
  Edition        = {Second},
  year           = {2005}
}
 
@article{peters1999heat,
  title={{Heat-source orientation and geometry dependence in
proton-resonance frequency shift magnetic resonance thermometry}},
  author={Peters, R.D. and Hinks, R.S. and Henkelman, R.M.},
  journal={Magnetic Resonance in Medicine},
  volume={41},
  number={5},
  pages={909--918},
  year={1999},
  publisher={John Wiley \& Sons}
}

@article{peters2000magnetic,
  title={{Magnetic resonance thermometry for predicting thermal damage: an
application of interstitial laser coagulation in an in vivo canine prostate
model}},
  author={Peters, R.D. and Chan, E. and Trachtenberg, J. and Jothy, S. and
Kapusta, L. and Kucharczyk, W. and Henkelman, R.M.},
  journal={Magnetic Resonance in Medicine},
  volume={44},
  number={6},
  pages={873--883},
  year={2000},
  publisher={Wiley Online Library}
}

@article{stern2008selective,
  title={{Selective prostate cancer thermal ablation with laser activated
gold nanoshells}},
  author={Stern, J.M. and Stanfield, J. and Kabbani, W. and Hsieh, J.T. and
Cadeddu, J.A.},
  journal={The Journal of urology},
  volume={179},
  number={2},
  pages={748--753},
  year={2008},
  publisher={Elsevier}
}

@article{libMesh,
  title={{libMesh-a C++ Finite Element Library}},
  author={Kirk, B.S. and Peterson, JW},
  journal={CFDLab. URL http://libmesh. sourceforge. net},
  year={2003}
}

@book{Paraview,
  title={{The ParaView Guide}},
  author={Henderson, A. and Ahrens, J.},
  year={2004},
  publisher={Kitware}
}


@Article{oden02a,
  author =	 {Oden, J. T. and Prudhomme, S.},
  title =	 {Estimation of modeling error in computational mechanics},
  journal =	 {Journal of Computational Physics},
  year =	 2002,
  volume =	 182,
  pages =	 {496--515}
}

@Article{Liuetal2000,
  author = 	 {Liu, J. and Zhu, L. and Xu, L.},
  title = 	 {Studies on the Three-Dimensional Temperature Transients in the Canine Prostate During Transurethral Microwave Thermal Therapy},
  journal = 	 {J. Biomech. Engr},
  year = 	 2000,
  volume =	 122,
  pages =	 {372--378}
}

@Article{goals01,
  author =       {Oden, J. T. and Prudhomme, S.},
  title =        {Goal-Oriented Error Estimation and Adaptavity for the finite element method},
  journal =      {Computers and Mathematics with Applications},
  year =         2001,
  volume =       41,
  number =	 {5--6},
  pages =        {735--756}
}

@MISC{avs,
  author = {Advanced Visual Systems Inc.},
  title = { AVS User's Guide},
  month = {May},
  year = {1992},
  note = { National Congress on Computational Mechanics.  San Francisco, California, Conference Presentation. }
}

@article{pearce1995rate,
  title={{Rate process analysis of thermal damage}},
  author={Pearce, J. and Thomsen, S.},
  journal={Optical-thermal response of laser-irradiated tissue},
  pages={561--606},
  year={1995},
  publisher={New York: Plenum Press}
}

@article{mcnichols2004mr,
  title={{MR thermometry-based feedback control of laser interstitial thermal therapy at 980 nm}},
  author={McNichols, R.J. and Gowda, A. and Kangasniemi, M. and Bankson, J.A. and Price, R.E. and Hazle, J.D.},
  journal={Lasers in Surgery and Medicine},
  volume={34},
  number={1},
  pages={48--55},
  year={2004},
  publisher={Wiley Online Library}
}

@article{schwarzmaier1998treatment,
  title={{Treatment planning for MRI-guided laser-induced interstitial thermotherapy of brain tumorsâ€”The role of blood perfusion}},
  author={Schwarzmaier, H.J. and Yaroslavsky, I.V. and Yaroslavsky, A.N. and Fiedler, V. and Ulrich, F. and Kahn, T.},
  journal={Journal of Magnetic Resonance Imaging},
  volume={8},
  number={1},
  pages={121--127},
  year={1998},
  publisher={Wiley Online Library}
}

@article{dice1945measures,
  title={{Measures of the amount of ecologic association between species}},
  author={Dice, L.R.},
  journal={Ecology},
  volume={26},
  number={3},
  pages={297--302},
  year={1945},
  publisher={JSTOR}
}

